@ARTICLE {scikit-learn,
 title={Scikit-learn: Machine Learning in {P}ython},
 author={Pedregosa, F. and Varoquaux, G. and Gramfort, A. and Michel, V.
         and Thirion, B. and Grisel, O. and Blondel, M. and Prettenhofer, P. and Weiss, R. and Dubourg, V. and Vanderplas, J. and Passos, A. and Cournapeau, D. and Brucher, M. and Perrot, M. and Duchesnay, E.},
 journal={Journal of Machine Learning Research},
 volume={12},
 pages={2825--2830},
 year={2011}
}

@ONLINE {vanrijsbergenc.j.1979,
    author = "Van Rijsbergen, C. J.",
    title  = "INFORMATION RETRIEVAL",
    year   = "1979",
    url    = "http://www.dcs.gla.ac.uk/Keith/pdf/Chapter7.pdf"
}

@ONLINE {vincentvanasch2013,
    author = "Vincent Van Asch",
    title  = "Macro and micro-averaged evaluation measures",
    month  = "sep",
    year   = "2013",
    url    = "http://www.clips.ua.ac.be/~vincent/pdf/microaverage.pdf"
}

@ARTICLE {formang.scholzm2010,
    author  = "Forman, G. and Scholz, M",
    title   = "Apples-to-Apples in Cross-Validation Studies: Pitfalls in Classifier Performance Measurement",
    journal = "SIGKDD Explorations",
    year    = "2010",
    volume  = "12",
    number  = "1",
    pages   = "49-57",
    month   = "jul"
}

@ARTICLE {sokolovam.lapalmeg.2009,
    author  = "Sokolova, M. and Lapalme, G.",
    title   = "A systematic analysis of performance measures for classification tasks",
    journal = "Information Processing \& Management",
    year    = "2009",
    volume  = "45",
    number  = "4",
    pages   = "427-437",
    month   = "jul"
}